@Book{ToErrIsHuman2001,
  Editor         = "L. Kohn and J. Corrigan and M.Donaldson",
  Title          = "To Err is Human: Building a safer health system",
  Publisher      = "National Academy Press",
  year           = 2001,
}


@Book{Alexandrescu2001,
  Author         = "A. Alexandrescu",
  Title          = "Modern C++ Design: Generic Programming and Design
                   Patterns Applied",
  Publisher      = "Addison-Wesley",
  Series         = "Professional Computing Series",
  year           = 2001,
}

@Article{Zhu2010,
  Author         = "W. Zhu",
  Title          = "ITK Mesh IO Framework",
  Journal        = "Insight Journal",
  year           = 2010,
  url            = "http://hdl.handle.net/10380/3212"
}

@Article{Liu2013,
  Author         = "Brian Helba and Luis Ibanez and Brad King and Xiaoxiao Liu and Matt McCormick",
  Title          = "Advance ITK with Modules",
  Journal        = "Kitware Blog",
  year           = 2013,
  url            = "http://www.kitware.com/blog/home/post/557"
}

